@inproceedings{Broder:1997:RCD:829502.830043,
 author = {Broder, A.},
 title = {On the Resemblance and Containment of Documents},
 booktitle = {Proceedings of the Compression and Complexity of Sequences 1997},
 series = {SEQUENCES '97},
 year = {1997},
 isbn = {0-8186-8132-2},
 pages = {21--},
 url = {http://dl.acm.org/citation.cfm?id=829502.830043},
 acmid = {830043},
 publisher = {IEEE Computer Society},
 address = {Washington, DC, USA},
} 


@inproceedings{Indyk:1998:ANN:276698.276876,
 author = {Indyk, Piotr and Motwani, Rajeev},
 title = {Approximate Nearest Neighbors: Towards Removing the Curse of Dimensionality},
 booktitle = {Proceedings of the Thirtieth Annual ACM Symposium on Theory of Computing},
 series = {STOC '98},
 year = {1998},
 isbn = {0-89791-962-9},
 location = {Dallas, Texas, USA},
 pages = {604--613},
 numpages = {10},
 url = {http://doi.acm.org/10.1145/276698.276876},
 doi = {10.1145/276698.276876},
 acmid = {276876},
 publisher = {ACM},
 address = {New York, NY, USA},
} 

@misc{simhash,
	AUTHOR = "Malcolm Clark",
	TITLE = "SimHash or the way to compare quickly two dataset",
	 url = "http://SimHash or the way to compare quickly two datasets.", 
	YEAR = {2014}	}

@ARTICLE{simhash:minhash,
	AUTHOR = "Anshumali Shrivastava and Ping Li",
	TITLE = "In Defense of MinHash Over SimHash",
	JOURNAL = {Proceedings of the 17th International Conference on Artificial Intelligence and Statistics (AISTATS)},
	VOLUME = {33},
	PAGES = {886-864},
	YEAR = {2014}	}

@article{Hassanzadeh:2013:DLP:2536336.2536345,
 author = {Hassanzadeh, Oktie and Pu, Ken Q. and Yeganeh, Soheil Hassas and Miller, Ren{\'e}e J. and Popa, Lucian and Hern\'{a}ndez, Mauricio A. and Ho, Howard},
 title = {Discovering Linkage Points over Web Data},
 journal = {Proc. VLDB Endow.},
 issue_date = {April 2013},
 volume = {6},
 number = {6},
 month = apr,
 year = {2013},
 issn = {2150-8097},
 pages = {445--456},
 numpages = {12},
 url = {http://dx.doi.org/10.14778/2536336.2536345},
 doi = {10.14778/2536336.2536345},
 acmid = {2536345},
 publisher = {VLDB Endowment},
 keywords = {data integration, entity resolution, link discovery, record linkage, schema matching},
} 
  
@misc{google:ngram,
	AUTHOR = "G. Inc",
	TITLE = "Web 1t 5-gram corpus version 1.1",
	 url = "https://catalog.ldc.upenn.edu/docs/LDC2006T13/readme.txt", 
	YEAR = {2006}	}
   
@article{redis:compare,
 author = {Rabl, Tilmann and G\'{o}mez-Villamor, Sergio and Sadoghi, Mohammad and Munt{\'e}s-Mulero, Victor and Jacobsen, Hans-Arno and Mankovskii, Serge},
 title = {Solving Big Data Challenges for Enterprise Application Performance Management},
 journal = {Proc. VLDB Endow.},
 issue_date = {August 2012},
 volume = {5},
 number = {12},
 month = aug,
 year = {2012},
 issn = {2150-8097},
 pages = {1724--1735},
 numpages = {12},
 url = {http://dx.doi.org/10.14778/2367502.2367512},
 doi = {10.14778/2367502.2367512},
 acmid = {2367512},
 publisher = {VLDB Endowment},
} 

    
@inproceedings{rp:close,
 author = {Datar, Mayur and Immorlica, Nicole and Indyk, Piotr and Mirrokni, Vahab S.},
 title = {Locality-sensitive Hashing Scheme Based on P-stable Distributions},
 booktitle = {Proceedings of the Twentieth Annual Symposium on Computational Geometry},
 series = {SCG '04},
 year = {2004},
 isbn = {1-58113-885-7},
 location = {Brooklyn, New York, USA},
 pages = {253--262},
 numpages = {10},
 url = {http://doi.acm.org/10.1145/997817.997857},
 doi = {10.1145/997817.997857},
 acmid = {997857},
 publisher = {ACM},
 address = {New York, NY, USA},
 keywords = {p-stable distributions, approximate nearest neighbor, locally sensitive hashing, sublinear algorithm},
} 
    
   @misc{go:benchmark,
	AUTHOR = "Yann Malet",
	TITLE = "Concurrency in Python vs GO",
	 url = "https://lincolnloop.com/blog/concurrency-python-vs-go/", 
	YEAR = {2015}	}
    
@phdthesis{Fielding:2000:ASD:932295,
 author = {Fielding, Roy Thomas},
 title = {Architectural Styles and the Design of Network-based Software Architectures},
 year = {2000},
 isbn = {0-599-87118-0},
 note = {AAI9980887},
 publisher = {University of California, Irvine},
} 


@inproceedings{Dong:2008:MLP:1458082.1458172,
 author = {Dong, Wei and Wang, Zhe and Josephson, William and Charikar, Moses and Li, Kai},
 title = {Modeling LSH for Performance Tuning},
 booktitle = {Proceedings of the 17th ACM Conference on Information and Knowledge Management},
 series = {CIKM '08},
 year = {2008},
 isbn = {978-1-59593-991-3},
 location = {Napa Valley, California, USA},
 pages = {669--678},
 numpages = {10},
 url = {http://doi.acm.org/10.1145/1458082.1458172},
 doi = {10.1145/1458082.1458172},
 acmid = {1458172},
 publisher = {ACM},
 address = {New York, NY, USA},
 keywords = {locality sensitive hashing, similarity search},
} 

@inproceedings{Lehmberg:WWW:2016,                                                               
 author = {Oliver Lehmberg and  Dominique Ritze and Robert Meusel and Christian Bizer},
 title = {A Large Public Corpus of Web Tables containing Time and Context Metadata},
 booktitle={{WWW}},
 year = {2016}
}

@inproceedings{Bawa:WWW:2005,                                                                                                                                                     
        author = {Bawa, Mayank and Condie, Tyson and Ganesan, Prasanna},
        title = {{LSH} Forest: Self-tuning Indexes for Similarity Search},
        booktitle = {World Wide Web Conference},
        year = {2005},
        isbn = {1-59593-046-9},
        pages = {651--660},
        keywords = {peer-to-peer (P2P), similarity indexes},}
    
        

@inproceedings{Charikar:2002:SET:509907.509965,
 author = {Charikar, Moses S.},
 title = {Similarity Estimation Techniques from Rounding Algorithms},
 booktitle = {Proceedings of the Thiry-fourth Annual ACM Symposium on Theory of Computing},
 series = {STOC '02},
 year = {2002},
 isbn = {1-58113-495-9},
 location = {Montreal, Quebec, Canada},
 pages = {380--388},
 numpages = {9},
 url = {http://doi.acm.org/10.1145/509907.509965},
 doi = {10.1145/509907.509965},
 acmid = {509965},
 publisher = {ACM},
 address = {New York, NY, USA},
} 





